<record><leader>00000cas a22000007a 4500</leader><controlfield tag="001">16140543</controlfield><controlfield tag="008">870707u19uuuuuutxuwr ne      0    0eng d</controlfield><datafield ind1=" " ind2=" " tag="010"><subfield code="a">sn 87090425 </subfield></datafield><datafield ind1=" " ind2=" " tag="040"><subfield code="a">PPM</subfield><subfield code="b">eng</subfield><subfield code="c">PPM</subfield><subfield code="d">OCLCQ</subfield></datafield><datafield ind1=" " ind2=" " tag="042"><subfield code="a">msc</subfield></datafield><datafield ind1="0" ind2=" " tag="130"><subfield code="a">Bertram enterprise (Bertram, Tex.)</subfield></datafield><datafield ind1="1" ind2="0" tag="245"><subfield code="a">Bertram enterprise.</subfield></datafield><datafield ind1=" " ind2=" " tag="260"><subfield code="a">Bertram, Tex. :</subfield><subfield code="b">L.C. Warren</subfield></datafield><datafield ind1=" " ind2=" " tag="310"><subfield code="a">Weekly</subfield></datafield><datafield ind1=" " ind2=" " tag="588"><subfield code="a">Description based on: Vol. 7, no. 36 (June 15, 1916).</subfield></datafield><datafield ind1=" " ind2=" " tag="752"><subfield code="a">United States</subfield><subfield code="b">Texas</subfield><subfield code="c">Burnet</subfield><subfield code="d">Bertram.</subfield></datafield><datafield ind1="0" ind2="4" tag="785"><subfield code="t">Burnet bulletin</subfield></datafield><datafield ind1="1" ind2=" " tag="029"><subfield code="a">AU@</subfield><subfield code="b">000025825717</subfield></datafield></record>